<?xml version="1.0" encoding="UTF-8"?>
<!DOCTYPE html PUBLIC "-//W3C//DTD XHTML 1.0 Transitional//EN"
    "http://www.w3.org/TR/xhtml1/DTD/xhtml1-transitional.dtd">
<html xmlns="http://www.w3.org/1999/xhtml" xml:lang="en" lang="en">
 <head>
  <title>
</title>
<meta http-equiv="Content-Type" content="text/html;charset=utf-8" />
  <meta name='ocr-system' content='tesseract 3.04.00' />
  <meta name='ocr-capabilities' content='ocr_page ocr_carea ocr_par ocr_line ocrx_word'/>
</head>
<body>
  <div class='ocr_page' id='page_1' title='image "./desenecaephilos00werngoog/desenecaephilos00werngoog_0018.png"; bbox 0 0 2648 4688; ppageno 0'>
   <div class='ocr_carea' id='block_1_1' title="bbox 26 505 1173 1132">
    <p class='ocr_par' dir='ltr' id='par_1_1' title="bbox 26 505 1173 986">
     <span class='ocr_line' id='line_1_1' title="bbox 39 505 1125 644; baseline 0 -31"><span class='ocrx_word' id='word_1_1' title='bbox 39 561 46 585; x_wconf 78' lang='lat'>¹</span> <span class='ocrx_word' id='word_1_2' title='bbox 121 515 312 644; x_wconf 75' lang='lat' dir='ltr'><strong>angustias</strong></span> <span class='ocrx_word' id='word_1_3' title='bbox 338 505 481 626; x_wconf 76' lang='lat' dir='ltr'><strong>linium,</strong></span> <span class='ocrx_word' id='word_1_4' title='bbox 509 561 605 636; x_wconf 91' lang='lat' dir='ltr'><strong>quos</strong></span> <span class='ocrx_word' id='word_1_5' title='bbox 632 535 706 632; x_wconf 79' lang='lat' dir='ltr'><strong>jam</strong></span> <span class='ocrx_word' id='word_1_6' title='bbox 734 561 839 610; x_wconf 85' lang='lat' dir='ltr'><strong>nuuc</strong></span> <span class='ocrx_word' id='word_1_7' title='bbox 863 537 1033 613; x_wconf 83' lang='lat' dir='ltr'><strong>fortassis</strong></span> <span class='ocrx_word' id='word_1_8' title='bbox 1060 563 1125 613; x_wconf 84' lang='lat' dir='ltr'><strong>ex·</strong></span> 
     </span>
     <span class='ocr_line' id='line_1_2' title="bbox 26 639 1173 760; baseline 0 -24"><span class='ocrx_word' id='word_1_9' title='bbox 26 657 32 670; x_wconf 85' lang='grc'>’</span> <span class='ocrx_word' id='word_1_10' title='bbox 120 665 236 756; x_wconf 86' lang='lat' dir='ltr'><strong>cessi,</strong></span> <span class='ocrx_word' id='word_1_11' title='bbox 277 687 359 735; x_wconf 91' lang='lat' dir='ltr'><strong>non</strong></span> <span class='ocrx_word' id='word_1_12' title='bbox 392 667 579 758; x_wconf 83' lang='lat' dir='ltr'><strong>attingere</strong></span> <span class='ocrx_word' id='word_1_13' title='bbox 607 647 776 760; x_wconf 81' lang='lat' dir='ltr'><strong>potuisse</strong></span> <span class='ocrx_word' id='word_1_14' title='bbox 803 653 877 732; x_wconf 88' lang='lat' dir='ltr'><strong>nisi</strong></span> <span class='ocrx_word' id='word_1_15' title='bbox 902 639 1011 738; x_wconf 90' lang='lat' dir='ltr'><strong>laevo</strong></span> <span class='ocrx_word' id='word_1_16' title='bbox 1040 667 1129 736; x_wconf 92' lang='lat' dir='ltr'><strong>bra·</strong></span> <span class='ocrx_word' id='word_1_17' title='bbox 1169 683 1173 690; x_wconf 85' lang='lat'>·</span> 
     </span>
     <span class='ocr_line' id='line_1_3' title="bbox 122 769 1126 892; baseline 0.004 -34"><span class='ocrx_word' id='word_1_18' title='bbox 122 785 236 892; x_wconf 74' lang='lat' dir='ltr'><strong>chio,</strong></span> <span class='ocrx_word' id='word_1_19' title='bbox 271 769 377 886; x_wconf 81' lang='lat' dir='ltr'><strong>quod</strong></span> <span class='ocrx_word' id='word_1_20' title='bbox 404 789 469 860; x_wconf 90' lang='lat' dir='ltr'><strong>ab</strong></span> <span class='ocrx_word' id='word_1_21' title='bbox 477 786 587 861; x_wconf 90' lang='lat' dir='ltr'><strong>initio</strong></span> <span class='ocrx_word' id='word_1_22' title='bbox 616 785 726 857; x_wconf 84' lang='lat' dir='ltr'><strong>fateri</strong></span> <span class='ocrx_word' id='word_1_23' title='bbox 753 793 868 882; x_wconf 86' lang='lat' dir='ltr'><strong>quam</strong></span> <span class='ocrx_word' id='word_1_24' title='bbox 894 792 935 858; x_wconf 92' lang='lat' dir='ltr'><strong>in</strong></span> <span class='ocrx_word' id='word_1_25' title='bbox 961 780 1126 862; x_wconf 84' lang='lat' dir='ltr'><strong>levitatis</strong></span> 
     </span>
     <span class='ocr_line' id='line_1_4' title="bbox 122 883 959 1018; baseline -0.001 -37"><span class='ocrx_word' id='word_1_26' title='bbox 122 915 269 982; x_wconf 83' lang='lat' dir='ltr'><strong>crimen</strong></span> <span class='ocrx_word' id='word_1_27' title='bbox 295 907 465 986; x_wconf 84' lang='lat' dir='ltr'><strong>incidere</strong></span> <span class='ocrx_word' id='word_1_28' title='bbox 494 908 619 1018; x_wconf 86' lang='lat' dir='ltr'><strong>malui.</strong></span> <span class='ocrx_word' id='word_1_29' title='bbox 943 883 959 922; x_wconf 69' lang='lat'>¹</span> 
     </span>
    </p>

    <p class='ocr_par' dir='ltr' id='par_1_2' title="bbox 171 1031 1129 1132">
     <span class='ocr_line' id='line_1_5' title="bbox 171 1031 1129 1132; baseline 0.001 -27.049"><span class='ocrx_word' id='word_1_30' title='bbox 171 1031 278 1105; x_wconf 88' lang='lat' dir='ltr'><strong>.De</strong></span> <span class='ocrx_word' id='word_1_31' title='bbox 304 1034 472 1111; x_wconf 82' lang='lat' dir='ltr'><strong>lontibus</strong></span> <span class='ocrx_word' id='word_1_32' title='bbox 488 1056 588 1104; x_wconf 88' lang='lat' dir='ltr'><strong>vero</strong></span> <span class='ocrx_word' id='word_1_33' title='bbox 617 1037 705 1132; x_wconf 89' lang='lat' dir='ltr'><strong>ipsis</strong></span> <span class='ocrx_word' id='word_1_34' title='bbox 732 1031 1000 1131; x_wconf 87' lang='lat' dir='ltr'><strong>philosophiae</strong></span> <span class='ocrx_word' id='word_1_35' title='bbox 1027 1032 1129 1106; x_wconf 89' lang='lat' dir='ltr'>Stoi</span> 
     </span>
    </p>
   </div>
   <div class='ocr_carea' id='block_1_2' title="bbox 8 1149 1316 1268">
    <p class='ocr_par' dir='ltr' id='par_1_3' title="bbox 8 1149 1316 1268">
     <span class='ocr_line' id='line_1_6' title="bbox 8 1149 1316 1268; baseline -0.004 -36"><span class='ocrx_word' id='word_1_36' title='bbox 8 1183 11 1195; x_wconf 71' lang='lat'><strong>¹</strong></span> <span class='ocrx_word' id='word_1_37' title='bbox 124 1179 193 1230; x_wconf 89' lang='lat' dir='ltr'><strong>cae</strong></span> <span class='ocrx_word' id='word_1_38' title='bbox 216 1149 366 1254; x_wconf 89' lang='lat' dir='ltr'><strong>aliquid</strong></span> <span class='ocrx_word' id='word_1_39' title='bbox 391 1154 541 1229; x_wconf 85' lang='lat' dir='ltr'><strong>videtur</strong></span> <span class='ocrx_word' id='word_1_40' title='bbox 568 1153 791 1268; x_wconf 68' lang='lat' dir='ltr'><strong>dicendum</strong></span> <span class='ocrx_word' id='word_1_41' title='bbox 833 1175 871 1229; x_wconf 90' lang='lat' dir='ltr'><strong>et</strong></span> <span class='ocrx_word' id='word_1_42' title='bbox 899 1155 949 1228; x_wconf 87' lang='lat' dir='ltr'><strong>de</strong></span> <span class='ocrx_word' id='word_1_43' title='bbox 974 1159 1128 1231; x_wconf 89' lang='lat' dir='ltr'><strong>ratione</strong></span> <span class='ocrx_word' id='word_1_44' title='bbox 1215 1195 1224 1210; x_wconf 49' lang='grc' dir='ltr'>ι</span> <span class='ocrx_word' id='word_1_45' title='bbox 1292 1179 1316 1210; x_wconf 67' lang='lat'><strong>.‹</strong></span> 
     </span>
    </p>
   </div>
   <div class='ocr_carea' id='block_1_3' title="bbox 121 1267 1228 1503">
    <p class='ocr_par' dir='ltr' id='par_1_4' title="bbox 121 1267 1228 1503">
     <span class='ocr_line' id='line_1_7' title="bbox 124 1267 1228 1378; baseline 0.004 -28"><span class='ocrx_word' id='word_1_46' title='bbox 124 1304 198 1378; x_wconf 88' lang='lat' dir='ltr'><strong>qua</strong></span> <span class='ocrx_word' id='word_1_47' title='bbox 226 1282 270 1352; x_wconf 85' lang='lat' dir='ltr'><strong>iis</strong></span> <span class='ocrx_word' id='word_1_48' title='bbox 298 1276 482 1352; x_wconf 89' lang='lat' dir='ltr'><strong>utendum</strong></span> <span class='ocrx_word' id='word_1_49' title='bbox 512 1303 593 1352; x_wconf 88' lang='lat' dir='ltr'><strong>esse</strong></span> <span class='ocrx_word' id='word_1_50' title='bbox 622 1281 765 1378; x_wconf 88' lang='lat' dir='ltr'><strong>putavi,</strong></span> <span class='ocrx_word' id='word_1_51' title='bbox 790 1285 1012 1378; x_wconf 87' lang='lat' dir='ltr'><strong>praesertim</strong></span> <span class='ocrx_word' id='word_1_52' title='bbox 1040 1287 1130 1354; x_wconf 89' lang='lat' dir='ltr'><strong>cum</strong></span> <span class='ocrx_word' id='word_1_53' title='bbox 1181 1317 1185 1325; x_wconf 55' lang='lat'><strong><em>¹</em></strong></span> <span class='ocrx_word' id='word_1_54' title='bbox 1226 1267 1228 1274; x_wconf 53' lang='grc'>’</span> 
     </span>
     <span class='ocr_line' id='line_1_8' title="bbox 121 1401 1131 1503; baseline 0.001 -27"><span class='ocrx_word' id='word_1_55' title='bbox 121 1401 220 1478; x_wconf 88' lang='lat' dir='ltr'><strong>haec</strong></span> <span class='ocrx_word' id='word_1_56' title='bbox 246 1427 306 1476; x_wconf 85' lang='lat' dir='ltr'><strong>res</strong></span> <span class='ocrx_word' id='word_1_57' title='bbox 332 1402 506 1480; x_wconf 85' lang='lat' dir='ltr'><strong>nondum</strong></span> <span class='ocrx_word' id='word_1_58' title='bbox 532 1406 587 1478; x_wconf 90' lang='lat' dir='ltr'><strong>ita</strong></span> <span class='ocrx_word' id='word_1_59' title='bbox 614 1406 661 1487; x_wconf 85' lang='lat' dir='ltr'><strong>sit</strong></span> <span class='ocrx_word' id='word_1_60' title='bbox 689 1409 868 1502; x_wconf 83' lang='lat' dir='ltr'><strong>exposita·</strong></span> <span class='ocrx_word' id='word_1_61' title='bbox 886 1421 924 1488; x_wconf 86' lang='lat' dir='ltr'><strong>et</strong></span> <span class='ocrx_word' id='word_1_62' title='bbox 949 1403 1131 1503; x_wconf 84' lang='lat' dir='ltr'><strong>explana·</strong></span> 
     </span>
    </p>
   </div>
   <div class='ocr_carea' id='block_1_4' title="bbox 123 1508 1281 1626">
    <p class='ocr_par' dir='ltr' id='par_1_5' title="bbox 123 1508 1281 1626">
     <span class='ocr_line' id='line_1_9' title="bbox 123 1508 1281 1626; baseline 0 -27"><span class='ocrx_word' id='word_1_63' title='bbox 123 1538 185 1615; x_wconf 81' lang='lat' dir='ltr'><strong>ta‚&#39;</strong></span> <span class='ocrx_word' id='word_1_64' title='bbox 234 1551 348 1624; x_wconf 89' lang='lat' dir='ltr'><strong>quam</strong></span> <span class='ocrx_word' id='word_1_65' title='bbox 383 1508 551 1612; x_wconf 74' lang='lat' dir='ltr'><strong>fortassis</strong></span> <span class='ocrx_word' id='word_1_66' title='bbox 580 1541 676 1625; x_wconf 80' lang='lat' dir='ltr'><strong>opu&#39;s</strong></span> <span class='ocrx_word' id='word_1_67' title='bbox 705 1539 803 1604; x_wconf 82' lang='lat' dir='ltr'><strong>esset</strong></span> <span class='ocrx_word' id='word_1_68' title='bbox 831 1525 879 1599; x_wconf 82' lang='lat' dir='ltr'><strong>ad</strong></span> <span class='ocrx_word' id='word_1_69' title='bbox 907 1527 1007 1626; x_wconf 84' lang='lat' dir='ltr'><strong>hene</strong></span> <span class='ocrx_word' id='word_1_70' title='bbox 1036 1551 1129 1600; x_wconf 89' lang='lat' dir='ltr'><strong>con·</strong></span> <span class='ocrx_word' id='word_1_71' title='bbox 1190 1541 1219 1592; x_wconf 79' lang='grc'><strong>.’</strong></span> <span class='ocrx_word' id='word_1_72' title='bbox 1273 1554 1281 1564; x_wconf 74' lang='grc'><strong>’</strong></span> 
     </span>
    </p>
   </div>
   <div class='ocr_carea' id='block_1_5' title="bbox 20 1646 1167 2136">
    <p class='ocr_par' dir='ltr' id='par_1_6' title="bbox 20 1646 1167 2136">
     <span class='ocr_line' id='line_1_10' title="bbox 20 1646 1151 1766; baseline 0.001 -42"><span class='ocrx_word' id='word_1_73' title='bbox 20 1646 47 1722; x_wconf 83' lang='grc'><strong>’,</strong></span> <span class='ocrx_word' id='word_1_74' title='bbox 124 1648 363 1766; x_wconf 78' lang='lat' dir='ltr'><strong>scribendam</strong></span> <span class='ocrx_word' id='word_1_75' title='bbox 387 1657 558 1723; x_wconf 88' lang='lat' dir='ltr'><strong>omuino</strong></span> <span class='ocrx_word' id='word_1_76' title='bbox 571 1649 848 1750; x_wconf 78' lang='lat' dir='ltr'><strong>philosophiae</strong></span> <span class='ocrx_word' id='word_1_77' title='bbox 866 1657 1046 1748; x_wconf 87' lang='lat' dir='ltr'><strong>antiquae</strong></span> <span class='ocrx_word' id='word_1_78' title='bbox 1057 1648 1133 1747; x_wconf 56' lang='lat' dir='ltr'><strong>hig,</strong></span> <span class='ocrx_word' id='word_1_79' title='bbox 1140 1653 1151 1670; x_wconf 69' lang='grc'><strong>“</strong></span> 
     </span>
     <span class='ocr_line' id='line_1_11' title="bbox 125 1755 1147 1882; baseline 0 -36"><span class='ocrx_word' id='word_1_80' title='bbox 125 1777 293 1848; x_wconf 84' lang='lat' dir='ltr'><strong>storiam.</strong></span> <span class='ocrx_word' id='word_1_81' title='bbox 335 1773 432 1847; x_wconf 92' lang='lat' dir='ltr'><strong>Mihi</strong></span> <span class='ocrx_word' id='word_1_82' title='bbox 461 1755 625 1871; x_wconf 88' lang='lat' dir='ltr'><strong>quidem,</strong></span> <span class='ocrx_word' id='word_1_83' title='bbox 655 1797 740 1844; x_wconf 93' lang='lat' dir='ltr'><strong>cum</strong></span> <span class='ocrx_word' id='word_1_84' title='bbox 769 1780 932 1882; x_wconf 78' lang='lat' dir='ltr'><strong>primum</strong></span> <span class='ocrx_word' id='word_1_85' title='bbox 960 1781 1147 1866; x_wconf 74' lang='lat' dir='ltr'><strong>animum¹</strong></span> 
     </span>
     <span class='ocr_line' id='line_1_12' title="bbox 125 1894 1134 1996; baseline 0.004 -26"><span class='ocrx_word' id='word_1_86' title='bbox 125 1895 359 1996; x_wconf 88' lang='lat' dir='ltr'><strong>adpellerem</strong></span> <span class='ocrx_word' id='word_1_87' title='bbox 395 1895 547 1974; x_wconf 86' lang='lat' dir='ltr'><strong>adhoc</strong></span> <span class='ocrx_word' id='word_1_88' title='bbox 574 1894 740 1994; x_wconf 87' lang='lat' dir='ltr'><strong>studium</strong></span> <span class='ocrx_word' id='word_1_89' title='bbox 769 1903 1048 1994; x_wconf 86' lang='lat' dir='ltr'><strong>gravissimum,</strong></span> <span class='ocrx_word' id='word_1_90' title='bbox 1088 1901 1134 1974; x_wconf 84' lang='lat' dir='ltr'><strong>itt</strong></span> 
     </span>
     <span class='ocr_line' id='line_1_13' title="bbox 69 2015 1167 2136; baseline 0 -42"><span class='ocrx_word' id='word_1_91' title='bbox 69 2125 72 2131; x_wconf 11' lang='lat' dir='ltr'>x</span> <span class='ocrx_word' id='word_1_92' title='bbox 123 2019 333 2136; x_wconf 74' lang='lat' dir='ltr'><strong>tractandis</strong></span> <span class='ocrx_word' id='word_1_93' title='bbox 343 2015 829 2125; x_wconf 59' lang='lat' dir='ltr'><strong>eorumgphilosophorum</strong></span> <span class='ocrx_word' id='word_1_94' title='bbox 857 2017 1167 2131; x_wconf 45' lang='lat' dir='ltr'><strong>quorum&#39;opest</strong></span> 
     </span>
    </p>
   </div>
   <div class='ocr_carea' id='block_1_6' title="bbox 105 2142 1244 2254">
    <p class='ocr_par' dir='ltr' id='par_1_7' title="bbox 105 2142 1244 2254">
     <span class='ocr_line' id='line_1_14' title="bbox 105 2142 1244 2254; baseline 0 -36"><span class='ocrx_word' id='word_1_95' title='bbox 105 2144 166 2218; x_wconf 64' lang='lat' dir='ltr'><strong>‘ra</strong></span> <span class='ocrx_word' id='word_1_96' title='bbox 194 2171 275 2254; x_wconf 86' lang='lat' dir='ltr'><strong>non</strong></span> <span class='ocrx_word' id='word_1_97' title='bbox 302 2151 449 2242; x_wconf 87' lang='lat' dir='ltr'><strong>integra</strong></span> <span class='ocrx_word' id='word_1_98' title='bbox 478 2142 525 2218; x_wconf 91' lang='lat' dir='ltr'><strong>ad</strong></span> <span class='ocrx_word' id='word_1_99' title='bbox 553 2169 624 2216; x_wconf 91' lang='lat' dir='ltr'><strong>nos</strong></span> <span class='ocrx_word' id='word_1_100' title='bbox 644 2163 926 2244; x_wconf 84' lang='lat' dir='ltr'><strong>pervenerunt,</strong></span> <span class='ocrx_word' id='word_1_101' title='bbox 967 2145 1133 2242; x_wconf 86' lang='lat' dir='ltr'><strong>placitis,</strong></span> <span class='ocrx_word' id='word_1_102' title='bbox 1237 2209 1244 2218; x_wconf 82' lang='grc'>,</span> 
     </span>
    </p>
   </div>
   <div class='ocr_carea' id='block_1_7' title="bbox 96 2257 1173 2382">
    <p class='ocr_par' dir='ltr' id='par_1_8' title="bbox 96 2257 1173 2382">
     <span class='ocr_line' id='line_1_15' title="bbox 96 2257 1173 2382; baseline 0.004 -46"><span class='ocrx_word' id='word_1_103' title='bbox 96 2293 260 2364; x_wconf 82' lang='lat' dir='ltr'><strong>‚omnes</strong></span> <span class='ocrx_word' id='word_1_104' title='bbox 288 2273 491 2382; x_wconf 76' lang='lat' dir='ltr'><strong>scriptores</strong></span> <span class='ocrx_word' id='word_1_105' title='bbox 514 2267 696 2338; x_wconf 86' lang='lat' dir='ltr'><strong>historiae</strong></span> <span class='ocrx_word' id='word_1_106' title='bbox 718 2257 1009 2364; x_wconf 87' lang='lat' dir='ltr'><strong>philosophicae</strong></span> <span class='ocrx_word' id='word_1_107' title='bbox 1037 2275 1135 2340; x_wconf 82' lang='grc' dir='ltr'>οιιιί</span> <span class='ocrx_word' id='word_1_108' title='bbox 1166 2307 1173 2316; x_wconf 79' lang='grc'><strong><em>·</em></strong></span> 
     </span>
    </p>
   </div>
   <div class='ocr_carea' id='block_1_8' title="bbox 71 2383 1247 2506">
    <p class='ocr_par' dir='ltr' id='par_1_9' title="bbox 71 2383 1247 2506">
     <span class='ocr_line' id='line_1_16' title="bbox 71 2383 1247 2506; baseline 0.001 -42"><span class='ocrx_word' id='word_1_109' title='bbox 71 2437 86 2452; x_wconf 81' lang='lat'><strong>·-</strong></span> <span class='ocrx_word' id='word_1_110' title='bbox 124 2385 217 2471; x_wconf 87' lang='lat' dir='ltr'><strong>sisse</strong></span> <span class='ocrx_word' id='word_1_111' title='bbox 253 2408 292 2463; x_wconf 90' lang='lat' dir='ltr'><strong>et</strong></span> <span class='ocrx_word' id='word_1_112' title='bbox 326 2383 441 2506; x_wconf 85' lang='lat' dir='ltr'><strong>plane</strong></span> <span class='ocrx_word' id='word_1_113' title='bbox 475 2391 686 2487; x_wconf 78' lang='lat' dir='ltr'><strong>neglexisse</strong></span> <span class='ocrx_word' id='word_1_114' title='bbox 720 2392 788 2498; x_wconf 76' lang='lat' dir='ltr'><strong>visi</strong></span> <span class='ocrx_word' id='word_1_115' title='bbox 816 2407 902 2462; x_wconf 91' lang='lat' dir='ltr'><strong>sunt</strong></span> <span class='ocrx_word' id='word_1_116' title='bbox 930 2388 987 2479; x_wconf 89' lang='lat' dir='ltr'><strong>id,</strong></span> <span class='ocrx_word' id='word_1_117' title='bbox 1028 2389 1135 2490; x_wconf 85' lang='lat' dir='ltr'><strong>quod</strong></span> <span class='ocrx_word' id='word_1_118' title='bbox 1244 2415 1247 2420; x_wconf 84' lang='lat'><em>·</em></span> 
     </span>
    </p>
   </div>
   <div class='ocr_carea' id='block_1_9' title="bbox 110 2497 1234 2766">
    <p class='ocr_par' dir='ltr' id='par_1_10' title="bbox 110 2497 1234 2742">
     <span class='ocr_line' id='line_1_17' title="bbox 110 2497 1151 2618; baseline -0.002 -28"><span class='ocrx_word' id='word_1_119' title='bbox 110 2497 283 2590; x_wconf 72' lang='lat' dir='ltr'><strong>&#39;ritinime</strong></span> <span class='ocrx_word' id='word_1_120' title='bbox 317 2499 457 2612; x_wconf 77' lang='lat' dir='ltr'><strong>negligi</strong></span> <span class='ocrx_word' id='word_1_121' title='bbox 492 2511 674 2603; x_wconf 89' lang='lat' dir='ltr'><strong>debebat,</strong></span> <span class='ocrx_word' id='word_1_122' title='bbox 725 2537 811 2586; x_wconf 89' lang='lat' dir='ltr'><strong>cum</strong></span> <span class='ocrx_word' id='word_1_123' title='bbox 846 2520 1051 2618; x_wconf 87' lang='lat' dir='ltr'><strong>gravissimi</strong></span> <span class='ocrx_word' id='word_1_124' title='bbox 1086 2517 1151 2610; x_wconf 80' lang='lat' dir='ltr'><strong>sit·</strong></span> 
     </span>
     <span class='ocr_line' id='line_1_18' title="bbox 111 2625 1234 2766; baseline -0.001 -54"><span class='ocrx_word' id='word_1_125' title='bbox 111 2639 327 2758; x_wconf 76' lang='lat' dir='ltr'><strong>momenti.</strong></span> <span class='ocrx_word' id='word_1_126' title='bbox 384 2625 518 2766; x_wconf 79' lang='lat' dir='ltr'><strong>Longe</strong></span> <span class='ocrx_word' id='word_1_127' title='bbox 546 2639 650 2712; x_wconf 88' lang='lat' dir='ltr'><strong>enim</strong></span> <span class='ocrx_word' id='word_1_128' title='bbox 677 2637 840 2736; x_wconf 86' lang='lat' dir='ltr'><strong>plurimi,</strong></span> <span class='ocrx_word' id='word_1_129' title='bbox 869 2639 935 2736; x_wconf 88' lang='lat' dir='ltr'><strong>qui</strong></span> <span class='ocrx_word' id='word_1_130' title='bbox 962 2637 1050 2710; x_wconf 82' lang='lat' dir='ltr'><strong>cum</strong></span> <span class='ocrx_word' id='word_1_131' title='bbox 1078 2632 1140 2711; x_wconf 93' lang='lat' dir='ltr'><strong>di</strong></span> <span class='ocrx_word' id='word_1_132' title='bbox 1180 2684 1185 2694; x_wconf 90' lang='lat'>·</span> <span class='ocrx_word' id='word_1_133' title='bbox 1231 2633 1234 2637; x_wconf 66' lang='grc'>’</span> 
     </span>
    </p>
   </div>
   <div class='ocr_carea' id='block_1_10' title="bbox 125 2745 1179 2904">
    <p class='ocr_par' dir='ltr' id='par_1_11' title="bbox 125 2745 1268 2904">
     <span class='ocr_line' id='line_1_19' title="bbox 125 2745 1179 2904; baseline 0.002 -68"><span class='ocrx_word' id='word_1_134' title='bbox 125 2745 283 2904; x_wconf 76' lang='lat' dir='ltr'><strong>ligeritia</strong></span> <span class='ocrx_word' id='word_1_135' title='bbox 319 2767 435 2836; x_wconf 86' lang='lat' dir='ltr'><strong>etiam</strong></span> <span class='ocrx_word' id='word_1_136' title='bbox 476 2767 579 2861; x_wconf 86' lang='lat' dir='ltr'><strong>ipsos</strong></span> <span class='ocrx_word' id='word_1_137' title='bbox 618 2761 710 2888; x_wconf 77' lang='grc' dir='ltr'><strong>ιίΗοε</strong></span> <span class='ocrx_word' id='word_1_138' title='bbox 739 2762 866 2868; x_wconf 85' lang='lat' dir='ltr'><strong>fontes</strong></span> <span class='ocrx_word' id='word_1_139' title='bbox 906 2767 1137 2860; x_wconf 87' lang='lat' dir='ltr'><strong>perscrutati</strong></span> <span class='ocrx_word' id='word_1_140' title='bbox 1176 2799 1179 2807; x_wconf 60' lang='grc'><strong>’</strong></span> 
     </span>
    </p>
   </div>
   <div class='ocr_carea' id='block_1_11' title="bbox 128 2871 1203 3223">
    <p class='ocr_par' dir='ltr' id='par_1_12' title="bbox 128 2871 1203 3223">
     <span class='ocr_line' id='line_1_20' title="bbox 128 2871 1137 2984; baseline 0.002 -25"><span class='ocrx_word' id='word_1_141' title='bbox 128 2902 236 2974; x_wconf 86' lang='lat' dir='ltr'><strong>sunt,</strong></span> <span class='ocrx_word' id='word_1_142' title='bbox 259 2887 444 2958; x_wconf 88' lang='lat' dir='ltr'><strong>criticam</strong></span> <span class='ocrx_word' id='word_1_143' title='bbox 473 2871 648 2984; x_wconf 86' lang='lat' dir='ltr'><strong>operam,</strong></span> <span class='ocrx_word' id='word_1_144' title='bbox 689 2889 795 2980; x_wconf 87' lang='lat' dir='ltr'><strong>cujus</strong></span> <span class='ocrx_word' id='word_1_145' title='bbox 822 2887 863 2956; x_wconf 91' lang='lat' dir='ltr'><strong>in</strong></span> <span class='ocrx_word' id='word_1_146' title='bbox 889 2883 997 2957; x_wconf 86' lang='lat' dir='ltr'><strong>nulla</strong></span> <span class='ocrx_word' id='word_1_147' title='bbox 1031 2886 1137 2961; x_wconf 78' lang='lat' dir='ltr'><strong>litte</strong></span> 
     </span>
     <span class='ocr_line' id='line_1_21' title="bbox 128 3007 1203 3108; baseline -0.002 -24"><span class='ocrx_word' id='word_1_148' title='bbox 128 3031 256 3084; x_wconf 77' lang='lat' dir='ltr'><strong>rarum</strong></span> <span class='ocrx_word' id='word_1_149' title='bbox 281 3027 404 3108; x_wconf 87' lang='lat' dir='ltr'><strong>parte</strong></span> <span class='ocrx_word' id='word_1_150' title='bbox 420 3008 625 3082; x_wconf 89' lang='lat' dir='ltr'><strong>studiosior</strong></span> <span class='ocrx_word' id='word_1_151' title='bbox 649 3027 689 3082; x_wconf 85' lang='lat' dir='ltr'><strong>et</strong></span> <span class='ocrx_word' id='word_1_152' title='bbox 715 3013 930 3081; x_wconf 89' lang='lat' dir='ltr'><strong>accuratior</strong></span> <span class='ocrx_word' id='word_1_153' title='bbox 957 3031 1040 3082; x_wconf 88' lang='lat' dir='ltr'><strong>esse</strong></span> <span class='ocrx_word' id='word_1_154' title='bbox 1068 3007 1140 3088; x_wconf 52' lang='lat' dir='ltr'><strong>des</strong></span> <span class='ocrx_word' id='word_1_155' title='bbox 1198 3040 1203 3062; x_wconf 60' lang='grc' dir='ltr'>ι</span> 
     </span>
     <span class='ocr_line' id='line_1_22' title="bbox 128 3130 1136 3223; baseline -0.001 -16"><span class='ocrx_word' id='word_1_156' title='bbox 128 3133 197 3207; x_wconf 83' lang='lat' dir='ltr'><strong>bet</strong></span> <span class='ocrx_word' id='word_1_157' title='bbox 224 3159 330 3254; x_wconf 81' lang='lat' dir='ltr'><strong>usus,</strong></span> <span class='ocrx_word' id='word_1_158' title='bbox 369 3159 451 3208; x_wconf 89' lang='lat' dir='ltr'><strong>non</strong></span> <span class='ocrx_word' id='word_1_159' title='bbox 479 3158 567 3206; x_wconf 87' lang='lat' dir='ltr'><strong>cunt</strong></span> <span class='ocrx_word' id='word_1_160' title='bbox 593 3151 701 3206; x_wconf 88' lang='lat' dir='ltr'><strong>tanta</strong></span> <span class='ocrx_word' id='word_1_161' title='bbox 729 3131 927 3205; x_wconf 76' lang='lat' dir='ltr'><strong>alacritate</strong></span> <span class='ocrx_word' id='word_1_162' title='bbox 954 3130 1136 3206; x_wconf 87' lang='lat' dir='ltr'><strong>adhibue</strong></span> 
     </span>
    </p>
   </div>
   <div class='ocr_carea' id='block_1_12' title="bbox 59 3242 1278 3471">
    <p class='ocr_par' dir='ltr' id='par_1_13' title="bbox 1 3242 1278 3469">
     <span class='ocr_line' id='line_1_23' title="bbox 59 3242 1278 3370; baseline -0.006 -40"><span class='ocrx_word' id='word_1_163' title='bbox 59 3293 92 3330; x_wconf 68' lang='lat'><strong>,¹</strong></span> <span class='ocrx_word' id='word_1_164' title='bbox 129 3264 232 3345; x_wconf 82' lang='lat' dir='ltr'><strong>tunt,</strong></span> <span class='ocrx_word' id='word_1_165' title='bbox 259 3275 403 3356; x_wconf 85' lang='lat' dir='ltr'><strong>quanta</strong></span> <span class='ocrx_word' id='word_1_166' title='bbox 430 3281 526 3355; x_wconf 92' lang='lat' dir='ltr'><strong>opus</strong></span> <span class='ocrx_word' id='word_1_167' title='bbox 555 3259 647 3370; x_wconf 80' lang='lat' dir='ltr'><strong>erat,</strong></span> <span class='ocrx_word' id='word_1_168' title='bbox 659 3255 740 3330; x_wconf 78' lang='lat' dir='ltr'><strong>,sed</strong></span> <span class='ocrx_word' id='word_1_169' title='bbox 769 3261 928 3342; x_wconf 79' lang='lat' dir='ltr'><strong>omnino</strong></span> <span class='ocrx_word' id='word_1_170' title='bbox 956 3261 1046 3328; x_wconf 89' lang='lat' dir='ltr'><strong>satis</strong></span> <span class='ocrx_word' id='word_1_171' title='bbox 1068 3255 1137 3352; x_wconf 85' lang='lat' dir='ltr'><strong>ha·</strong></span> <span class='ocrx_word' id='word_1_172' title='bbox 1165 3242 1176 3348; x_wconf 38' lang='lat'><strong>,¹</strong></span> <span class='ocrx_word' id='word_1_173' title='bbox 1275 3246 1278 3266; x_wconf 75' lang='lat'><strong>¹</strong></span> 
     </span>
     <span class='ocr_line' id='line_1_24' title="bbox 128 3377 1200 3471; baseline -0.026 -15.284"><span class='ocrx_word' id='word_1_174' title='bbox 128 3383 294 3454; x_wconf 86' lang='lat' dir='ltr'><strong>buerunt</strong></span> <span class='ocrx_word' id='word_1_175' title='bbox 330 3387 559 3454; x_wconf 87' lang='lat' dir='ltr'><strong>sententiam</strong></span> <span class='ocrx_word' id='word_1_176' title='bbox 595 3403 701 3452; x_wconf 88' lang='lat' dir='ltr'><strong>suam</strong></span> <span class='ocrx_word' id='word_1_177' title='bbox 734 3379 831 3471; x_wconf 83' lang='lat' dir='ltr'><strong>locis</strong></span> <span class='ocrx_word' id='word_1_178' title='bbox 858 3377 981 3470; x_wconf 80' lang='lat' dir='ltr'><strong>allatis</strong></span> <span class='ocrx_word' id='word_1_179' title='bbox 1010 3378 1138 3454; x_wconf 81' lang='lat' dir='ltr'><strong>suliul.·</strong></span> <span class='ocrx_word' id='word_1_180' title='bbox 1191 3411 1200 3428; x_wconf 55' lang='grc' dir='ltr'>ι</span> 
     </span>
    </p>
   </div>
   <div class='ocr_carea' id='block_1_13' title="bbox 4 3466 1230 3976">
    <p class='ocr_par' dir='ltr' id='par_1_14' title="bbox 52 3466 1230 3850">
     <span class='ocr_line' id='line_1_25' title="bbox 130 3466 1169 3620; baseline 0 -44"><span class='ocrx_word' id='word_1_181' title='bbox 130 3511 214 3580; x_wconf 85' lang='lat' dir='ltr'><strong>cire</strong></span> <span class='ocrx_word' id='word_1_182' title='bbox 236 3524 276 3580; x_wconf 89' lang='lat' dir='ltr'><strong>et</strong></span> <span class='ocrx_word' id='word_1_183' title='bbox 301 3507 462 3620; x_wconf 87' lang='lat' dir='ltr'><strong>munire,</strong></span> <span class='ocrx_word' id='word_1_184' title='bbox 484 3466 623 3602; x_wconf 80' lang='lat' dir='ltr'><strong>parum</strong></span> <span class='ocrx_word' id='word_1_185' title='bbox 644 3501 721 3574; x_wconf 92' lang='lat' dir='ltr'><strong>hoc</strong></span> <span class='ocrx_word' id='word_1_186' title='bbox 743 3503 1003 3620; x_wconf 83' lang='lat' dir='ltr'><strong>respicientes,</strong></span> <span class='ocrx_word' id='word_1_187' title='bbox 1031 3501 1139 3600; x_wconf 77' lang='lat' dir='ltr'><strong>quod</strong></span> <span class='ocrx_word' id='word_1_188' title='bbox 1167 3499 1169 3507; x_wconf 67' lang='lat'>&#39;</span> 
     </span>
     <span class='ocr_line' id='line_1_26' title="bbox 52 3609 1230 3726; baseline -0.002 -25"><span class='ocrx_word' id='word_1_189' title='bbox 52 3671 71 3682; x_wconf 29' lang='lat'><strong>¹-</strong></span> <span class='ocrx_word' id='word_1_190' title='bbox 129 3630 159 3701; x_wconf 90' lang='lat' dir='ltr'><strong>ii</strong></span> <span class='ocrx_word' id='word_1_191' title='bbox 184 3622 268 3724; x_wconf 84' lang='lat' dir='ltr'><strong>ipsi,</strong></span> <span class='ocrx_word' id='word_1_192' title='bbox 302 3635 374 3726; x_wconf 85' lang='lat' dir='ltr'><strong>qui</strong></span> <span class='ocrx_word' id='word_1_193' title='bbox 394 3628 506 3714; x_wconf 85' lang='lat' dir='ltr'><strong>nobis</strong></span> <span class='ocrx_word' id='word_1_194' title='bbox 533 3621 760 3700; x_wconf 85' lang='lat' dir='ltr'><strong>tradiderint</strong></span> <span class='ocrx_word' id='word_1_195' title='bbox 785 3609 928 3726; x_wconf 81' lang='lat' dir='ltr'><strong>placita</strong></span> <span class='ocrx_word' id='word_1_196' title='bbox 954 3642 1137 3715; x_wconf 87' lang='lat' dir='ltr'><strong>veterum,</strong></span> <span class='ocrx_word' id='word_1_197' title='bbox 1196 3671 1230 3713; x_wconf 75' lang='lat'><strong>·;·</strong></span> 
     </span>
     <span class='ocr_line' id='line_1_27' title="bbox 84 3750 1137 3850; baseline -0.001 -27"><span class='ocrx_word' id='word_1_198' title='bbox 84 3783 88 3790; x_wconf 94' lang='lat'><em>·</em></span> <span class='ocrx_word' id='word_1_199' title='bbox 129 3751 213 3823; x_wconf 87' lang='lat' dir='ltr'><strong>tum</strong></span> <span class='ocrx_word' id='word_1_200' title='bbox 248 3756 412 3850; x_wconf 77' lang='lat' dir='ltr'><strong>propter</strong></span> <span class='ocrx_word' id='word_1_201' title='bbox 448 3750 748 3825; x_wconf 83' lang='lat' dir='ltr'><strong>imbecillitatem</strong></span> <span class='ocrx_word' id='word_1_202' title='bbox 785 3751 920 3837; x_wconf 88' lang='lat' dir='ltr'><strong>animi,</strong></span> <span class='ocrx_word' id='word_1_203' title='bbox 968 3766 1050 3822; x_wconf 88' lang='lat' dir='ltr'><strong>tum</strong></span> <span class='ocrx_word' id='word_1_204' title='bbox 1087 3752 1137 3822; x_wconf 92' lang='lat' dir='ltr'><strong>ob</strong></span> 
     </span>
    </p>

    <p class='ocr_par' dir='ltr' id='par_1_15' title="bbox 4 3865 1139 3976">
     <span class='ocr_line' id='line_1_28' title="bbox 4 3865 1139 3976; baseline 0 -28"><span class='ocrx_word' id='word_1_205' title='bbox 4 3914 16 3961; x_wconf 60' lang='grc' dir='ltr'><strong>ι,</strong></span> <span class='ocrx_word' id='word_1_206' title='bbox 131 3879 324 3976; x_wconf 81' lang='lat' dir='ltr'><strong>temporis</strong></span> <span class='ocrx_word' id='word_1_207' title='bbox 341 3865 511 3976; x_wconf 82' lang='lat' dir='ltr'><strong>longum&#39;</strong></span> <span class='ocrx_word' id='word_1_208' title='bbox 546 3880 728 3975; x_wconf 88' lang='lat' dir='ltr'><strong>spatium,</strong></span> <span class='ocrx_word' id='word_1_209' title='bbox 770 3883 852 3975; x_wconf 75' lang='lat' dir='ltr'><strong>quo</strong></span> <span class='ocrx_word' id='word_1_210' title='bbox 875 3869 1054 3969; x_wconf 88' lang='lat' dir='ltr'><strong>disjuncti</strong></span> <span class='ocrx_word' id='word_1_211' title='bbox 1080 3868 1139 3962; x_wconf 52' lang='lat' dir='ltr'><strong>ted</strong></span> 
     </span>
    </p>
   </div>
   <div class='ocr_carea' id='block_1_14' title="bbox 0 0 1341 4688">
    <p class='ocr_par' dir='ltr' id='par_1_16' title="bbox 0 0 1341 4688">
     <span class='ocr_line' id='line_1_29' title="bbox 0 0 1341 4688; baseline 0 0"><span class='ocrx_word' id='word_1_212' title='bbox 0 0 1341 4688; x_wconf 95' lang='lat' dir='ltr'><strong> </strong></span> 
     </span>
    </p>
   </div>
  </div>
 </body>
</html>
