2648 4688
842 329 845 332 -
1032 331 1039 360 ,

180 689 184 698 .
211 609 315 677 enim
340 622 508 674 amamus
531 615 575 682 et
595 593 829 672 adfectamus
852 589 1088 697 sapientiam,
1114 581 1216 675 hane
1237 660 1249 702 ·,

93 765 138 798 ,v
212 685 368 834 adsequi
397 750 477 842 non
503 741 744 822 possumus.
778 725 824 794 In
857 722 976 808 altera
1003 745 1092 801 vero
1121 723 1218 797 dici-

76 941 81 958 Ι
190 847 275 959 'tur
309 850 495 947 sapientia
530 844 687 919 effectus
727 863 766 917 et
801 851 1010 943 praemium
1041 837 1216 946 philoso·
1233 921 1240 928 ,

85 961 112 1074 ’,
178 973 280 1072 v‚ph
283 997 339 1045 ae
406 968 503 1045 Vide
539 961 640 1070 quid
665 970 812 1040 intersit
840 975 940 1043 inter
967 968 1145 1042 effectum
1176 988 1216 1045 et

211 1095 339 1172 finem.
393 1093 444 1166 Si
473 1093 697 1191 sapientiam
723 1073 991 1234 philosophiae
1018 1093 1131 1170 finem
1160 1092 1216 1172 ιιι
1260 1151 1264 1160 ,

212 1214 343 1306 cimus,
372 1211 555 1316 sapientia
571 1220 742 1314 ponitur
745 1239 827 1288 esse
845 1191 1043 1288 externum
1060 1216 1215 1314 aliquid,

207 1340 361 1441 quod?
352 1365 428 1436 Jam
463 1337 573 1411 adest
598 1355 637 1410 et
664 1341 911 1438 proponitur,
953 1337 1093 1437 quod
1084 1359 1238 1437 1taque.

156 1537 161 1552 ,
210 1464 342 1562 adpeti
371 1462 547 1561 quidem
544 1479 692 1560 potest,
719 1487 800 1534 non
827 1480 957 1536 tamen
985 1460 1095 1536 effici.
1149 1464 1217 1538 Sin

210 1613 301 1662 vero
318 1591 541 1698 sapientiam
559 1573 718 1658 dicimus
742 1583 918 1687 'effectum
936 1586 1247 1714 philosophiae„

209 1711 335 1808 longe
356 1711 431 1786 alia
457 1709 555 1782 haec
580 1715 681 1782 ratio
708 1724 775 1796 est,
803 1730 891 1782 cum
915 1695 991 1782 hoc
1016 1707 1147 1804 modo
1158 1735 1215 1784 sa-

207 1823 357 1935 pientia
384 1859 454 1932 per
481 1857 553 1904 nos
586 1816 688 1930 ipsos
717 1811 1003 1936 quodammodo
1033 1832 1148 1907 condi
1176 1852 1215 1908 et

85 2029 97 2058 χ
131 2047 133 2056 Α
210 1956 318 2033 effici
338 1956 519 2030 videatur.
562 1953 666 2052 Quid
692 1955 810 2028 veroi·
840 1957 967 2030 Facile
996 1974 1053 2029 est
1078 1957 1216 2034 tollere

129 2129 135 2158 ι
206 2105 275 2169 ea,
317 2105 415 2180 quae
442 2085 483 2150 in
508 2078 566 2150 his
594 2083 805 2177 repugnate
833 2053 903 2152 sibi
924 2065 1115 2155 sidentur.
1147 2093 1159 2180 ¹.
1176 2081 1216 2157 Si

180 2197 315 2278 ²'enim
347 2201 398 2276 de
441 2205 627 2302 sapientia
661 2209 703 2274 in
723 2203 951 2291 universum
987 2227 1111 2277 sermo
1146 2220 1225 2294 est,

161 2317 167 2334 ¹
208 2327 320 2416 haec,
347 2332 436 2424 quia
462 2326 636 2406 omnibus
660 2321 877 2400 hominibus
900 2317 1124 2426 dontingere
1145 2353 1216 2427 po»

124 2473 127 2484 ·
208 2459 306 2538 tes‘t,
348 2449 525 2524 omnibus
560 2449 714 2547 quoque
747 2456 944 2549 proposita
979 2469 1061 2526 este
1088 2449 1214 2538 dabat.

125 2575 134 2594 ¹
211 2573 262 2646 Et
290 2591 347 2647 est
374 2551 549 2671 profectd
579 2571 738 2670 aliquid,
779 2571 884 2670 quod
910 2599 992 2646 non
1006 2573 1216 2648 inventum
1285 2668 1289 2680 ,

115 2685 120 2692 ’
195 2714 271 2769 ἐει
298 2714 363 2768 aut
391 2683 604 2792 perfectum
639 2695 687 2770 ab
713 2694 947 2785 hominibus,
988 2694 1054 2777 sed
1087 2695 1215 2796 ριοιε,

113 2855 117 2862 ·
210 2837 319 2891 ctum
346 2821 392 2890 ab
421 2821 699 2916 i'pso'numine.
767 2817 806 2890 si
833 2823 960 2893 autem
988 2817 1215 2919 sapientiam

176 2937 427 3040 ‘spectamus
456 2967 502 3019 ex
530 2940 650 3034 altera
676 2959 796 3040 parte,
824 2967 899 3041 qua
926 2937 1015 3030 non
1034 2943 1214 3035 est-idea»
1282 3001 1285 3016 ·

193 3064 405 3163 adquam
433 3054 687 3162 otnialquae
721 3072 864 3163 agimus
891 3090 1071 3166 revpcare
1097 3064 1213 3144 debe·

208 3211 307 3277 mus,
332 3185 398 3292 sed
423 3194 550 3284 potius
573 3189 698 3286 ipsum
723 3194 839 3262 animi
862 3197 981 3264 nostri
1006 3169 1213 3290 proprium,

213 3311 320 3409 quod
348 3309 486 3387 studio
499 3329 633 3384 nostro
659 3316 741 3408 jam
755 3310 924 3388 adsecuti
939 3339 1079 3403 sumus,
1106 3332 1213 3395 recte
1244 3309 1276 3386 ⁸.

213 3432 290 3506 dici
324 3443 459 3535 potest
487 3433 656 3510 effectus
697 3435 981 3550 philosophiae,
1024 3435 1213 3565 hujusque

35 3573 39 3580 '
139 3595 152 3630 .·.
184 3573 185 3578 ’
212 3556 355 3630 fruetus
379 3575 495 3656 atque
513 3565 734 3656 praemium.
769 3559 1021 3634 Tenendum
1011 3569 1124 3658 igitur
1113 3556 1219 3634 hoc

186 3697 282 3776 xest,
294 3677 452 3778 ¹‘quod
442 3705 482 3752 tn
510 3681 640 3754 altera
654 3683 804 3756 illarum
832 3679 1120 3764 distinctionum
1147 3676 1220 3758 Se·

211 3802 506 3900 necatisquitur
534 3802 581 3877 de
605 3811 801 3904 sapientia,
831 3829 928 3908 quae
951 3825 1103 3921 tantum
1125 3803 1214 3880 idea

186 3927 272 4013 -ιιι,
308 3925 350 4000 in
377 3908 496 4020 altepa
523 3923 571 4002 de
599 3932 803 4034 sapientia,
839 3957 937 4032 quae
962 3935 1088 4076 jam
1066 3911 1107 4018 ιιι
1133 3934 1214 4005 ani
